%YAML 1.1
%TAG !u! tag:unity3d.com,2011:
--- !u!1 &1069232274418003592
GameObject:
  m_ObjectHideFlags: 0
  m_CorrespondingSourceObject: {fileID: 0}
  m_PrefabInstance: {fileID: 0}
  m_PrefabAsset: {fileID: 0}
  serializedVersion: 6
  m_Component:
  - component: {fileID: 4075182404590345371}
  - component: {fileID: 85475412}
  m_Layer: 0
  m_Name: RubberRobbieY'all
  m_TagString: Untagged
  m_Icon: {fileID: 0}
  m_NavMeshLayer: 0
  m_StaticEditorFlags: 0
  m_IsActive: 1
--- !u!4 &4075182404590345371
Transform:
  m_ObjectHideFlags: 0
  m_CorrespondingSourceObject: {fileID: 0}
  m_PrefabInstance: {fileID: 0}
  m_PrefabAsset: {fileID: 0}
  m_GameObject: {fileID: 1069232274418003592}
  m_LocalRotation: {x: 0, y: 0.034201737, z: 0, w: 0.999415}
  m_LocalPosition: {x: -0.0011424, y: 1.042, z: 0}
  m_LocalScale: {x: 0.18713954, y: 0.18713948, z: 0.18713954}
  m_Children:
  - {fileID: 4179064002456961139}
  - {fileID: 8905013699607765459}
  - {fileID: 8905230461275347785}
  - {fileID: 8901965958829399153}
  - {fileID: 8902331388737381329}
  - {fileID: 8902290119099346503}
  - {fileID: 8902391340989741617}
  - {fileID: 8905169360136905169}
  - {fileID: 8902121140048790079}
  - {fileID: 8902418836597245321}
  - {fileID: 8904999322936670343}
  - {fileID: 8902406392931945851}
  - {fileID: 8902489813405626823}
  - {fileID: 8902271667998554163}
  - {fileID: 8902467735683212033}
  - {fileID: 8904878332458566867}
  - {fileID: 8902357118832682167}
  - {fileID: 8905183361157914297}
  - {fileID: 8904744432360803331}
  - {fileID: 8904994306227609941}
  - {fileID: 8902259771643361335}
  - {fileID: 8902485048763323935}
  - {fileID: 8905152176816942367}
  - {fileID: 8905158581142544971}
  - {fileID: 8905225259613760581}
  - {fileID: 8904990640101509969}
  - {fileID: 8904873294816225853}
  - {fileID: 8902064081952155027}
  - {fileID: 8904879882592686723}
  - {fileID: 8902125198846764751}
  - {fileID: 8902325670010177851}
  - {fileID: 8904855743826506045}
  - {fileID: 8901959282101255703}
  - {fileID: 8902456409550162049}
  - {fileID: 8904881342710350727}
  m_Father: {fileID: 0}
  m_RootOrder: 0
  m_LocalEulerAnglesHint: {x: 0, y: 3.92, z: 0}
--- !u!95 &85475412
Animator:
  serializedVersion: 3
  m_ObjectHideFlags: 0
  m_CorrespondingSourceObject: {fileID: 0}
  m_PrefabInstance: {fileID: 0}
  m_PrefabAsset: {fileID: 0}
  m_GameObject: {fileID: 1069232274418003592}
  m_Enabled: 1
  m_Avatar: {fileID: 9000000, guid: d1b06f58ceca121439260506dc254e4e, type: 3}
  m_Controller: {fileID: 9100000, guid: 608570a00e9d18b40a45b8e074af167c, type: 2}
  m_CullingMode: 0
  m_UpdateMode: 0
  m_ApplyRootMotion: 0
  m_LinearVelocityBlending: 0
  m_WarningMessage: 
  m_HasTransformHierarchy: 1
  m_AllowConstantClipSamplingOptimization: 1
  m_KeepAnimatorControllerStateOnDisable: 0
--- !u!1 &1527469503401195987
GameObject:
  m_ObjectHideFlags: 0
  m_CorrespondingSourceObject: {fileID: 0}
  m_PrefabInstance: {fileID: 0}
  m_PrefabAsset: {fileID: 0}
  serializedVersion: 6
  m_Component:
  - component: {fileID: 4179064002456961139}
  - component: {fileID: 729460392024000742}
  - component: {fileID: 9119226102660825137}
  m_Layer: 0
  m_Name: g_ZBrush_defualt_group_ZBrush_defualt_group
  m_TagString: Untagged
  m_Icon: {fileID: 0}
  m_NavMeshLayer: 0
  m_StaticEditorFlags: 0
  m_IsActive: 1
--- !u!4 &4179064002456961139
Transform:
  m_ObjectHideFlags: 0
  m_CorrespondingSourceObject: {fileID: 0}
  m_PrefabInstance: {fileID: 0}
  m_PrefabAsset: {fileID: 0}
  m_GameObject: {fileID: 1527469503401195987}
  m_LocalRotation: {x: 0, y: -0, z: -0, w: 1}
  m_LocalPosition: {x: -0, y: 0, z: 0}
  m_LocalScale: {x: 1, y: 1, z: 1}
  m_Children: []
  m_Father: {fileID: 4075182404590345371}
  m_RootOrder: 0
  m_LocalEulerAnglesHint: {x: 0, y: 0, z: 0}
--- !u!33 &729460392024000742
MeshFilter:
  m_ObjectHideFlags: 0
  m_CorrespondingSourceObject: {fileID: 0}
  m_PrefabInstance: {fileID: 0}
  m_PrefabAsset: {fileID: 0}
  m_GameObject: {fileID: 1527469503401195987}
  m_Mesh: {fileID: -3223596590148078929, guid: 37b658caa5b115343a3e85a63c8e14ef, type: 3}
--- !u!23 &9119226102660825137
MeshRenderer:
  m_ObjectHideFlags: 0
  m_CorrespondingSourceObject: {fileID: 0}
  m_PrefabInstance: {fileID: 0}
  m_PrefabAsset: {fileID: 0}
  m_GameObject: {fileID: 1527469503401195987}
  m_Enabled: 1
  m_CastShadows: 1
  m_ReceiveShadows: 1
  m_DynamicOccludee: 1
  m_MotionVectors: 1
  m_LightProbeUsage: 1
  m_ReflectionProbeUsage: 1
  m_RenderingLayerMask: 1
  m_RendererPriority: 0
  m_Materials:
  - {fileID: 2100000, guid: 78cca1f4210473c4695eedf200e223dc, type: 2}
  m_StaticBatchInfo:
    firstSubMesh: 0
    subMeshCount: 0
  m_StaticBatchRoot: {fileID: 0}
  m_ProbeAnchor: {fileID: 0}
  m_LightProbeVolumeOverride: {fileID: 0}
  m_ScaleInLightmap: 1
  m_ReceiveGI: 1
  m_PreserveUVs: 0
  m_IgnoreNormalsForChartDetection: 0
  m_ImportantGI: 0
  m_StitchLightmapSeams: 1
  m_SelectedEditorRenderState: 3
  m_MinimumChartSize: 4
  m_AutoUVMaxDistance: 0.5
  m_AutoUVMaxAngle: 89
  m_LightmapParameters: {fileID: 0}
  m_SortingLayerID: 0
  m_SortingLayer: 0
  m_SortingOrder: 0
--- !u!1 &8906029170555052849
GameObject:
  m_ObjectHideFlags: 0
  m_CorrespondingSourceObject: {fileID: 0}
  m_PrefabInstance: {fileID: 0}
  m_PrefabAsset: {fileID: 0}
  serializedVersion: 6
  m_Component:
  - component: {fileID: 8904990640101509969}
  m_Layer: 0
  m_Name: Bip001 L Weapon
  m_TagString: Untagged
  m_Icon: {fileID: 0}
  m_NavMeshLayer: 0
  m_StaticEditorFlags: 0
  m_IsActive: 1
--- !u!4 &8904990640101509969
Transform:
  m_ObjectHideFlags: 0
  m_CorrespondingSourceObject: {fileID: 0}
  m_PrefabInstance: {fileID: 0}
  m_PrefabAsset: {fileID: 0}
  m_GameObject: {fileID: 8906029170555052849}
  m_LocalRotation: {x: 0.97702897, y: -0.17604716, z: 0.117644444, w: 0.024116756}
  m_LocalPosition: {x: 0.6346009, y: -0.35715124, z: 3.2529526}
  m_LocalScale: {x: -9.002966, y: -9.00296, z: -9.002962}
  m_Children: []
  m_Father: {fileID: 4075182404590345371}
  m_RootOrder: 25
  m_LocalEulerAnglesHint: {x: 0, y: 0, z: 0}
--- !u!1 &8906068048014461745
GameObject:
  m_ObjectHideFlags: 0
  m_CorrespondingSourceObject: {fileID: 0}
  m_PrefabInstance: {fileID: 0}
  m_PrefabAsset: {fileID: 0}
  serializedVersion: 6
  m_Component:
  - component: {fileID: 8902121140048790079}
  m_Layer: 0
  m_Name: Bip001 L Toe0
  m_TagString: Untagged
  m_Icon: {fileID: 0}
  m_NavMeshLayer: 0
  m_StaticEditorFlags: 0
  m_IsActive: 1
--- !u!4 &8902121140048790079
Transform:
  m_ObjectHideFlags: 0
  m_CorrespondingSourceObject: {fileID: 0}
  m_PrefabInstance: {fileID: 0}
  m_PrefabAsset: {fileID: 0}
  m_GameObject: {fileID: 8906068048014461745}
  m_LocalRotation: {x: -0.00090551376, y: -0.68248165, z: -0.0010917314, w: -0.7309015}
  m_LocalPosition: {x: -0.91557324, y: -5.0328, z: 1.1530391}
  m_LocalScale: {x: 9.0029545, y: 9.002937, z: 9.002947}
  m_Children: []
  m_Father: {fileID: 4075182404590345371}
  m_RootOrder: 8
  m_LocalEulerAnglesHint: {x: 0, y: 0, z: 0}
--- !u!1 &8906068963730482943
GameObject:
  m_ObjectHideFlags: 0
  m_CorrespondingSourceObject: {fileID: 0}
  m_PrefabInstance: {fileID: 0}
  m_PrefabAsset: {fileID: 0}
  serializedVersion: 6
  m_Component:
  - component: {fileID: 8905183361157914297}
  m_Layer: 0
  m_Name: Bip001 L Clavicle
  m_TagString: Untagged
  m_Icon: {fileID: 0}
  m_NavMeshLayer: 0
  m_StaticEditorFlags: 0
  m_IsActive: 1
--- !u!4 &8905183361157914297
Transform:
  m_ObjectHideFlags: 0
  m_CorrespondingSourceObject: {fileID: 0}
  m_PrefabInstance: {fileID: 0}
  m_PrefabAsset: {fileID: 0}
  m_GameObject: {fileID: 8906068963730482943}
  m_LocalRotation: {x: -0.50446504, y: 0.1832445, z: 0.2805395, w: 0.79576004}
  m_LocalPosition: {x: -0.24355654, y: 1.1825439, z: 0.87263376}
  m_LocalScale: {x: 9.002938, y: 9.002957, z: 9.002956}
  m_Children: []
  m_Father: {fileID: 4075182404590345371}
  m_RootOrder: 17
  m_LocalEulerAnglesHint: {x: 0, y: 0, z: 0}
--- !u!1 &8906114393567455417
GameObject:
  m_ObjectHideFlags: 0
  m_CorrespondingSourceObject: {fileID: 0}
  m_PrefabInstance: {fileID: 0}
  m_PrefabAsset: {fileID: 0}
  serializedVersion: 6
  m_Component:
  - component: {fileID: 8902418836597245321}
  m_Layer: 0
  m_Name: Bip001 R Thigh
  m_TagString: Untagged
  m_Icon: {fileID: 0}
  m_NavMeshLayer: 0
  m_StaticEditorFlags: 0
  m_IsActive: 1
--- !u!4 &8902418836597245321
Transform:
  m_ObjectHideFlags: 0
  m_CorrespondingSourceObject: {fileID: 0}
  m_PrefabInstance: {fileID: 0}
  m_PrefabAsset: {fileID: 0}
  m_GameObject: {fileID: 8906114393567455417}
  m_LocalRotation: {x: -0.4288218, y: -0.5349775, z: -0.5235956, w: -0.5057259}
  m_LocalPosition: {x: 0.64111125, y: -1.6607742, z: -0.068251744}
  m_LocalScale: {x: 9.002933, y: 9.002937, z: 9.002936}
  m_Children: []
  m_Father: {fileID: 4075182404590345371}
  m_RootOrder: 9
  m_LocalEulerAnglesHint: {x: 0, y: 0, z: 0}
--- !u!1 &8906134119093053007
GameObject:
  m_ObjectHideFlags: 0
  m_CorrespondingSourceObject: {fileID: 0}
  m_PrefabInstance: {fileID: 0}
  m_PrefabAsset: {fileID: 0}
  serializedVersion: 6
  m_Component:
  - component: {fileID: 8905225259613760581}
  m_Layer: 0
  m_Name: Bip001 L Finger11
  m_TagString: Untagged
  m_Icon: {fileID: 0}
  m_NavMeshLayer: 0
  m_StaticEditorFlags: 0
  m_IsActive: 1
--- !u!4 &8905225259613760581
Transform:
  m_ObjectHideFlags: 0
  m_CorrespondingSourceObject: {fileID: 0}
  m_PrefabInstance: {fileID: 0}
  m_PrefabAsset: {fileID: 0}
  m_GameObject: {fileID: 8906134119093053007}
  m_LocalRotation: {x: -0.6587418, y: 0.73290116, z: -0.15249717, w: 0.075232014}
  m_LocalPosition: {x: 0.7610026, y: -0.20124735, z: 3.3171062}
  m_LocalScale: {x: 9.002963, y: 9.002966, z: 9.002967}
  m_Children: []
  m_Father: {fileID: 4075182404590345371}
  m_RootOrder: 24
  m_LocalEulerAnglesHint: {x: 0, y: 0, z: 0}
--- !u!1 &8906147348625265287
GameObject:
  m_ObjectHideFlags: 0
  m_CorrespondingSourceObject: {fileID: 0}
  m_PrefabInstance: {fileID: 0}
  m_PrefabAsset: {fileID: 0}
  serializedVersion: 6
  m_Component:
  - component: {fileID: 8904855743826506045}
  m_Layer: 0
  m_Name: Bip001 R Finger01
  m_TagString: Untagged
  m_Icon: {fileID: 0}
  m_NavMeshLayer: 0
  m_StaticEditorFlags: 0
  m_IsActive: 1
--- !u!4 &8904855743826506045
Transform:
  m_ObjectHideFlags: 0
  m_CorrespondingSourceObject: {fileID: 0}
  m_PrefabInstance: {fileID: 0}
  m_PrefabAsset: {fileID: 0}
  m_GameObject: {fileID: 8906147348625265287}
  m_LocalRotation: {x: 0.8622001, y: 0.19091853, z: -0.26065794, w: -0.390152}
  m_LocalPosition: {x: 0.67008656, y: -0.030470623, z: 2.179671}
  m_LocalScale: {x: 9.002997, y: 9.003007, z: 9.002993}
  m_Children: []
  m_Father: {fileID: 4075182404590345371}
  m_RootOrder: 31
  m_LocalEulerAnglesHint: {x: 0, y: 0, z: 0}
--- !u!1 &8907318803121256395
GameObject:
  m_ObjectHideFlags: 0
  m_CorrespondingSourceObject: {fileID: 0}
  m_PrefabInstance: {fileID: 0}
  m_PrefabAsset: {fileID: 0}
  serializedVersion: 6
  m_Component:
  - component: {fileID: 8902485048763323935}
  m_Layer: 0
  m_Name: Bip001 L Finger0
  m_TagString: Untagged
  m_Icon: {fileID: 0}
  m_NavMeshLayer: 0
  m_StaticEditorFlags: 0
  m_IsActive: 1
--- !u!4 &8902485048763323935
Transform:
  m_ObjectHideFlags: 0
  m_CorrespondingSourceObject: {fileID: 0}
  m_PrefabInstance: {fileID: 0}
  m_PrefabAsset: {fileID: 0}
  m_GameObject: {fileID: 8907318803121256395}
  m_LocalRotation: {x: -0.013913232, y: -0.35049736, z: 0.5553782, w: -0.75399804}
  m_LocalPosition: {x: 0.34294403, y: -0.29041776, z: 3.5193377}
  m_LocalScale: {x: 9.00296, y: 9.002957, z: 9.002965}
  m_Children: []
  m_Father: {fileID: 4075182404590345371}
  m_RootOrder: 21
  m_LocalEulerAnglesHint: {x: 0, y: 0, z: 0}
--- !u!1 &8907369924512774895
GameObject:
  m_ObjectHideFlags: 0
  m_CorrespondingSourceObject: {fileID: 0}
  m_PrefabInstance: {fileID: 0}
  m_PrefabAsset: {fileID: 0}
  serializedVersion: 6
  m_Component:
  - component: {fileID: 8902271667998554163}
  m_Layer: 0
  m_Name: Bip001 Spine1
  m_TagString: Untagged
  m_Icon: {fileID: 0}
  m_NavMeshLayer: 0
  m_StaticEditorFlags: 0
  m_IsActive: 1
--- !u!4 &8902271667998554163
Transform:
  m_ObjectHideFlags: 0
  m_CorrespondingSourceObject: {fileID: 0}
  m_PrefabInstance: {fileID: 0}
  m_PrefabAsset: {fileID: 0}
  m_GameObject: {fileID: 8907369924512774895}
  m_LocalRotation: {x: -0.48312572, y: 0.25251275, z: 0.6511637, w: -0.5280273}
  m_LocalPosition: {x: -0.014956004, y: -0.19507627, z: 0.21376315}
  m_LocalScale: {x: 9.002935, y: 9.002939, z: 9.002925}
  m_Children: []
  m_Father: {fileID: 4075182404590345371}
  m_RootOrder: 13
  m_LocalEulerAnglesHint: {x: 0, y: 0, z: 0}
--- !u!1 &8907419276687872541
GameObject:
  m_ObjectHideFlags: 0
  m_CorrespondingSourceObject: {fileID: 0}
  m_PrefabInstance: {fileID: 0}
  m_PrefabAsset: {fileID: 0}
  serializedVersion: 6
  m_Component:
  - component: {fileID: 8902406392931945851}
  m_Layer: 0
  m_Name: Bip001 R Foot
  m_TagString: Untagged
  m_Icon: {fileID: 0}
  m_NavMeshLayer: 0
  m_StaticEditorFlags: 0
  m_IsActive: 1
--- !u!4 &8902406392931945851
Transform:
  m_ObjectHideFlags: 0
  m_CorrespondingSourceObject: {fileID: 0}
  m_PrefabInstance: {fileID: 0}
  m_PrefabAsset: {fileID: 0}
  m_GameObject: {fileID: 8907419276687872541}
  m_LocalRotation: {x: -0.48618868, y: -0.47977117, z: -0.5198445, w: -0.51303214}
  m_LocalPosition: {x: 1.016668, y: -4.301941, z: -0.6997533}
  m_LocalScale: {x: 9.002942, y: 9.00295, z: 9.00296}
  m_Children: []
  m_Father: {fileID: 4075182404590345371}
  m_RootOrder: 11
  m_LocalEulerAnglesHint: {x: 0, y: 0, z: 0}
--- !u!1 &8907420183585515229
GameObject:
  m_ObjectHideFlags: 0
  m_CorrespondingSourceObject: {fileID: 0}
  m_PrefabInstance: {fileID: 0}
  m_PrefabAsset: {fileID: 0}
  serializedVersion: 6
  m_Component:
  - component: {fileID: 8904994306227609941}
  m_Layer: 0
  m_Name: Bip001 L Forearm
  m_TagString: Untagged
  m_Icon: {fileID: 0}
  m_NavMeshLayer: 0
  m_StaticEditorFlags: 0
  m_IsActive: 1
--- !u!4 &8904994306227609941
Transform:
  m_ObjectHideFlags: 0
  m_CorrespondingSourceObject: {fileID: 0}
  m_PrefabInstance: {fileID: 0}
  m_PrefabAsset: {fileID: 0}
  m_GameObject: {fileID: 8907420183585515229}
  m_LocalRotation: {x: -0.38907978, y: 0.1662759, z: 0.8957722, w: 0.13623992}
  m_LocalPosition: {x: -0.6990904, y: -0.092696525, z: 2.2161179}
  m_LocalScale: {x: 9.002956, y: 9.0029545, z: 9.002948}
  m_Children: []
  m_Father: {fileID: 4075182404590345371}
  m_RootOrder: 19
  m_LocalEulerAnglesHint: {x: 0, y: 0, z: 0}
--- !u!1 &8907425928726808343
GameObject:
  m_ObjectHideFlags: 0
  m_CorrespondingSourceObject: {fileID: 0}
  m_PrefabInstance: {fileID: 0}
  m_PrefabAsset: {fileID: 0}
  serializedVersion: 6
  m_Component:
  - component: {fileID: 8904879882592686723}
  m_Layer: 0
  m_Name: Bip001 R Forearm
  m_TagString: Untagged
  m_Icon: {fileID: 0}
  m_NavMeshLayer: 0
  m_StaticEditorFlags: 0
  m_IsActive: 1
--- !u!4 &8904879882592686723
Transform:
  m_ObjectHideFlags: 0
  m_CorrespondingSourceObject: {fileID: 0}
  m_PrefabInstance: {fileID: 0}
  m_PrefabAsset: {fileID: 0}
  m_GameObject: {fileID: 8907425928726808343}
  m_LocalRotation: {x: 0.69985574, y: -0.015453279, z: -0.71335644, w: 0.03295058}
  m_LocalPosition: {x: 1.0490885, y: -0.15957381, z: 0.55186754}
  m_LocalScale: {x: 9.00299, y: 9.002986, z: 9.002959}
  m_Children: []
  m_Father: {fileID: 4075182404590345371}
  m_RootOrder: 28
  m_LocalEulerAnglesHint: {x: 0, y: 0, z: 0}
--- !u!1 &8907452573206489735
GameObject:
  m_ObjectHideFlags: 0
  m_CorrespondingSourceObject: {fileID: 0}
  m_PrefabInstance: {fileID: 0}
  m_PrefabAsset: {fileID: 0}
  serializedVersion: 6
  m_Component:
  - component: {fileID: 8902489813405626823}
  m_Layer: 0
  m_Name: Bip001 R Toe0
  m_TagString: Untagged
  m_Icon: {fileID: 0}
  m_NavMeshLayer: 0
  m_StaticEditorFlags: 0
  m_IsActive: 1
--- !u!4 &8902489813405626823
Transform:
  m_ObjectHideFlags: 0
  m_CorrespondingSourceObject: {fileID: 0}
  m_PrefabInstance: {fileID: 0}
  m_PrefabAsset: {fileID: 0}
  m_GameObject: {fileID: 8907452573206489735}
  m_LocalRotation: {x: -0.0045379098, y: -0.6830352, z: -0.004816344, w: -0.7303555}
  m_LocalPosition: {x: 0.95347524, y: -5.055956, z: 0.24245344}
  m_LocalScale: {x: 9.002968, y: 9.002942, z: 9.002979}
  m_Children: []
  m_Father: {fileID: 4075182404590345371}
  m_RootOrder: 12
  m_LocalEulerAnglesHint: {x: 0, y: 0, z: 0}
--- !u!1 &8907487335105835643
GameObject:
  m_ObjectHideFlags: 0
  m_CorrespondingSourceObject: {fileID: 0}
  m_PrefabInstance: {fileID: 0}
  m_PrefabAsset: {fileID: 0}
  serializedVersion: 6
  m_Component:
  - component: {fileID: 8905230461275347785}
  m_Layer: 0
  m_Name: Bip001
  m_TagString: Untagged
  m_Icon: {fileID: 0}
  m_NavMeshLayer: 0
  m_StaticEditorFlags: 0
  m_IsActive: 1
--- !u!4 &8905230461275347785
Transform:
  m_ObjectHideFlags: 0
  m_CorrespondingSourceObject: {fileID: 0}
  m_PrefabInstance: {fileID: 0}
  m_PrefabAsset: {fileID: 0}
  m_GameObject: {fileID: 8907487335105835643}
  m_LocalRotation: {x: 0.52844197, y: -0.49508208, z: -0.46983922, w: -0.5048703}
  m_LocalPosition: {x: 0, y: -1.65696, z: 0}
  m_LocalScale: {x: 9.002914, y: 9.002913, z: 9.002915}
  m_Children: []
  m_Father: {fileID: 4075182404590345371}
  m_RootOrder: 2
  m_LocalEulerAnglesHint: {x: 0, y: 0, z: 0}
--- !u!1 &8907504198714717351
GameObject:
  m_ObjectHideFlags: 0
  m_CorrespondingSourceObject: {fileID: 0}
  m_PrefabInstance: {fileID: 0}
  m_PrefabAsset: {fileID: 0}
  serializedVersion: 6
  m_Component:
  - component: {fileID: 8902290119099346503}
  m_Layer: 0
  m_Name: Bip001 L Thigh
  m_TagString: Untagged
  m_Icon: {fileID: 0}
  m_NavMeshLayer: 0
  m_StaticEditorFlags: 0
  m_IsActive: 1
--- !u!4 &8902290119099346503
Transform:
  m_ObjectHideFlags: 0
  m_CorrespondingSourceObject: {fileID: 0}
  m_PrefabInstance: {fileID: 0}
  m_PrefabAsset: {fileID: 0}
  m_GameObject: {fileID: 8907504198714717351}
  m_LocalRotation: {x: -0.38516575, y: -0.56831604, z: -0.36086765, w: -0.63122}
  m_LocalPosition: {x: -0.6411461, y: -1.6499304, z: 0.068765715}
  m_LocalScale: {x: 9.002932, y: 9.002931, z: 9.002927}
  m_Children: []
  m_Father: {fileID: 4075182404590345371}
  m_RootOrder: 5
  m_LocalEulerAnglesHint: {x: 0, y: 0, z: 0}
--- !u!1 &8907537875755998619
GameObject:
  m_ObjectHideFlags: 0
  m_CorrespondingSourceObject: {fileID: 0}
  m_PrefabInstance: {fileID: 0}
  m_PrefabAsset: {fileID: 0}
  serializedVersion: 6
  m_Component:
  - component: {fileID: 8905013699607765459}
  - component: {fileID: 8823534826407221133}
  m_Layer: 0
  m_Name: PlayerSkin
  m_TagString: Untagged
  m_Icon: {fileID: 0}
  m_NavMeshLayer: 0
  m_StaticEditorFlags: 0
  m_IsActive: 1
--- !u!4 &8905013699607765459
Transform:
  m_ObjectHideFlags: 0
  m_CorrespondingSourceObject: {fileID: 0}
  m_PrefabInstance: {fileID: 0}
  m_PrefabAsset: {fileID: 0}
  m_GameObject: {fileID: 8907537875755998619}
  m_LocalRotation: {x: -0.70669305, y: -0.024186682, z: -0.024186682, w: 0.70669305}
  m_LocalPosition: {x: 0, y: -5.023624, z: 0}
  m_LocalScale: {x: 9.002914, y: 9.002916, z: 9.002916}
  m_Children: []
  m_Father: {fileID: 4075182404590345371}
  m_RootOrder: 1
  m_LocalEulerAnglesHint: {x: 0, y: 0, z: 0}
--- !u!137 &8823534826407221133
SkinnedMeshRenderer:
  m_ObjectHideFlags: 0
  m_CorrespondingSourceObject: {fileID: 0}
  m_PrefabInstance: {fileID: 0}
  m_PrefabAsset: {fileID: 0}
  m_GameObject: {fileID: 8907537875755998619}
  m_Enabled: 0
  m_CastShadows: 1
  m_ReceiveShadows: 1
  m_DynamicOccludee: 1
  m_MotionVectors: 1
  m_LightProbeUsage: 1
  m_ReflectionProbeUsage: 1
  m_RenderingLayerMask: 4294967295
  m_RendererPriority: 0
  m_Materials:
  - {fileID: 2100000, guid: 519073cf09202ab49acaf8e6fcd214a8, type: 2}
  m_StaticBatchInfo:
    firstSubMesh: 0
    subMeshCount: 0
  m_StaticBatchRoot: {fileID: 0}
  m_ProbeAnchor: {fileID: 0}
  m_LightProbeVolumeOverride: {fileID: 0}
  m_ScaleInLightmap: 1
  m_ReceiveGI: 1
  m_PreserveUVs: 0
  m_IgnoreNormalsForChartDetection: 0
  m_ImportantGI: 0
  m_StitchLightmapSeams: 0
  m_SelectedEditorRenderState: 3
  m_MinimumChartSize: 4
  m_AutoUVMaxDistance: 0.5
  m_AutoUVMaxAngle: 89
  m_LightmapParameters: {fileID: 0}
  m_SortingLayerID: 0
  m_SortingLayer: 0
  m_SortingOrder: 0
  serializedVersion: 2
  m_Quality: 0
  m_UpdateWhenOffscreen: 0
  m_SkinnedMotionVectors: 1
  m_Mesh: {fileID: 4300000, guid: 31ffbd56afa06a149a2d385260838a5d, type: 3}
  m_Bones:
  - {fileID: 8902357118832682167}
  - {fileID: 8904878332458566867}
  - {fileID: 8904873294816225853}
  - {fileID: 8905183361157914297}
  - {fileID: 8902467735683212033}
  - {fileID: 8904744432360803331}
  - {fileID: 8904994306227609941}
  - {fileID: 8902259771643361335}
  - {fileID: 8905158581142544971}
  - {fileID: 8902485048763323935}
  - {fileID: 8905225259613760581}
  - {fileID: 8904990640101509969}
  - {fileID: 8905152176816942367}
  - {fileID: 8902064081952155027}
  - {fileID: 8904879882592686723}
  - {fileID: 8902125198846764751}
  - {fileID: 8901959282101255703}
  - {fileID: 8902456409550162049}
  - {fileID: 8904881342710350727}
  - {fileID: 8902325670010177851}
  - {fileID: 8904855743826506045}
  - {fileID: 8902271667998554163}
  - {fileID: 8902331388737381329}
  - {fileID: 8901965958829399153}
  - {fileID: 8902418836597245321}
  - {fileID: 8902290119099346503}
  - {fileID: 8904999322936670343}
  - {fileID: 8905230461275347785}
  - {fileID: 8902391340989741617}
  - {fileID: 8905169360136905169}
  - {fileID: 8902406392931945851}
  - {fileID: 8902489813405626823}
  - {fileID: 8902121140048790079}
  m_BlendShapeWeights: []
  m_RootBone: {fileID: 8905230461275347785}
  m_AABB:
    m_Center: {x: -0.02522844, y: 0.00000023841858, z: 0.0960397}
    m_Extent: {x: 0.11298384, y: 0.49351826, z: 0.49980664}
  m_DirtyAABB: 0
--- !u!1 &8907554733438294189
GameObject:
  m_ObjectHideFlags: 0
  m_CorrespondingSourceObject: {fileID: 0}
  m_PrefabInstance: {fileID: 0}
  m_PrefabAsset: {fileID: 0}
  serializedVersion: 6
  m_Component:
  - component: {fileID: 8901959282101255703}
  m_Layer: 0
  m_Name: Bip001 R Finger1
  m_TagString: Untagged
  m_Icon: {fileID: 0}
  m_NavMeshLayer: 0
  m_StaticEditorFlags: 0
  m_IsActive: 1
--- !u!4 &8901959282101255703
Transform:
  m_ObjectHideFlags: 0
  m_CorrespondingSourceObject: {fileID: 0}
  m_PrefabInstance: {fileID: 0}
  m_PrefabAsset: {fileID: 0}
  m_GameObject: {fileID: 8907554733438294189}
  m_LocalRotation: {x: 0.49837264, y: -0.2112158, z: -0.47522253, w: -0.6936687}
  m_LocalPosition: {x: 0.81424665, y: -0.32880723, z: 2.1641803}
  m_LocalScale: {x: 9.002997, y: 9.002983, z: 9.0029955}
  m_Children: []
  m_Father: {fileID: 4075182404590345371}
  m_RootOrder: 32
  m_LocalEulerAnglesHint: {x: 0, y: 0, z: 0}
--- !u!1 &8907579169641728883
GameObject:
  m_ObjectHideFlags: 0
  m_CorrespondingSourceObject: {fileID: 0}
  m_PrefabInstance: {fileID: 0}
  m_PrefabAsset: {fileID: 0}
  serializedVersion: 6
  m_Component:
  - component: {fileID: 8904999322936670343}
  m_Layer: 0
  m_Name: Bip001 R Calf
  m_TagString: Untagged
  m_Icon: {fileID: 0}
  m_NavMeshLayer: 0
  m_StaticEditorFlags: 0
  m_IsActive: 1
--- !u!4 &8904999322936670343
Transform:
  m_ObjectHideFlags: 0
  m_CorrespondingSourceObject: {fileID: 0}
  m_PrefabInstance: {fileID: 0}
  m_PrefabAsset: {fileID: 0}
  m_GameObject: {fileID: 8907579169641728883}
  m_LocalRotation: {x: -0.58288604, y: -0.3610165, z: -0.6624459, w: -0.30178863}
  m_LocalPosition: {x: 0.8242374, y: -3.1603112, z: 0.071391106}
  m_LocalScale: {x: 9.002937, y: 9.002944, z: 9.00295}
  m_Children: []
  m_Father: {fileID: 4075182404590345371}
  m_RootOrder: 10
  m_LocalEulerAnglesHint: {x: 0, y: 0, z: 0}
--- !u!1 &8907582946216374083
GameObject:
  m_ObjectHideFlags: 0
  m_CorrespondingSourceObject: {fileID: 0}
  m_PrefabInstance: {fileID: 0}
  m_PrefabAsset: {fileID: 0}
  serializedVersion: 6
  m_Component:
  - component: {fileID: 8904744432360803331}
  m_Layer: 0
  m_Name: Bip001 L UpperArm
  m_TagString: Untagged
  m_Icon: {fileID: 0}
  m_NavMeshLayer: 0
  m_StaticEditorFlags: 0
  m_IsActive: 1
--- !u!4 &8904744432360803331
Transform:
  m_ObjectHideFlags: 0
  m_CorrespondingSourceObject: {fileID: 0}
  m_PrefabInstance: {fileID: 0}
  m_PrefabAsset: {fileID: 0}
  m_GameObject: {fileID: 8907582946216374083}
  m_LocalRotation: {x: -0.42292386, y: -0.012887508, z: 0.75527245, w: 0.50053245}
  m_LocalPosition: {x: -0.8935008, y: 0.96327853, z: 1.3543139}
  m_LocalScale: {x: 9.002953, y: 9.0029545, z: 9.002947}
  m_Children: []
  m_Father: {fileID: 4075182404590345371}
  m_RootOrder: 18
  m_LocalEulerAnglesHint: {x: 0, y: 0, z: 0}
--- !u!1 &8907597986623089267
GameObject:
  m_ObjectHideFlags: 0
  m_CorrespondingSourceObject: {fileID: 0}
  m_PrefabInstance: {fileID: 0}
  m_PrefabAsset: {fileID: 0}
  serializedVersion: 6
  m_Component:
  - component: {fileID: 8902125198846764751}
  m_Layer: 0
  m_Name: Bip001 R Hand
  m_TagString: Untagged
  m_Icon: {fileID: 0}
  m_NavMeshLayer: 0
  m_StaticEditorFlags: 0
  m_IsActive: 1
--- !u!4 &8902125198846764751
Transform:
  m_ObjectHideFlags: 0
  m_CorrespondingSourceObject: {fileID: 0}
  m_PrefabInstance: {fileID: 0}
  m_PrefabAsset: {fileID: 0}
  m_GameObject: {fileID: 8907597986623089267}
  m_LocalRotation: {x: 0.49864876, y: -0.21102652, z: -0.47530657, w: -0.6934702}
  m_LocalPosition: {x: 1.07073, y: -0.078098446, z: 1.7358468}
  m_LocalScale: {x: 9.00299, y: 9.002975, z: 9.002992}
  m_Children: []
  m_Father: {fileID: 4075182404590345371}
  m_RootOrder: 29
  m_LocalEulerAnglesHint: {x: 0, y: 0, z: 0}
--- !u!1 &8907607376115323335
GameObject:
  m_ObjectHideFlags: 0
  m_CorrespondingSourceObject: {fileID: 0}
  m_PrefabInstance: {fileID: 0}
  m_PrefabAsset: {fileID: 0}
  serializedVersion: 6
  m_Component:
  - component: {fileID: 8902331388737381329}
  m_Layer: 0
  m_Name: Bip001 Spine
  m_TagString: Untagged
  m_Icon: {fileID: 0}
  m_NavMeshLayer: 0
  m_StaticEditorFlags: 0
  m_IsActive: 1
--- !u!4 &8902331388737381329
Transform:
  m_ObjectHideFlags: 0
  m_CorrespondingSourceObject: {fileID: 0}
  m_PrefabInstance: {fileID: 0}
  m_PrefabAsset: {fileID: 0}
  m_GameObject: {fileID: 8907607376115323335}
  m_LocalRotation: {x: -0.5958924, y: 0.42319807, z: 0.5564531, w: -0.39519057}
  m_LocalPosition: {x: 0.0025141372, y: -0.9161927, z: -0.036695726}
  m_LocalScale: {x: 9.002924, y: 9.00293, z: 9.002918}
  m_Children: []
  m_Father: {fileID: 4075182404590345371}
  m_RootOrder: 4
  m_LocalEulerAnglesHint: {x: 0, y: 0, z: 0}
--- !u!1 &8907637248276831613
GameObject:
  m_ObjectHideFlags: 0
  m_CorrespondingSourceObject: {fileID: 0}
  m_PrefabInstance: {fileID: 0}
  m_PrefabAsset: {fileID: 0}
  serializedVersion: 6
  m_Component:
  - component: {fileID: 8902259771643361335}
  m_Layer: 0
  m_Name: Bip001 L Hand
  m_TagString: Untagged
  m_Icon: {fileID: 0}
  m_NavMeshLayer: 0
  m_StaticEditorFlags: 0
  m_IsActive: 1
--- !u!4 &8902259771643361335
Transform:
  m_ObjectHideFlags: 0
  m_CorrespondingSourceObject: {fileID: 0}
  m_PrefabInstance: {fileID: 0}
  m_PrefabAsset: {fileID: 0}
  m_GameObject: {fileID: 8907637248276831613}
  m_LocalRotation: {x: 0.13806961, y: 0.975709, z: -0.040780734, w: 0.16512285}
  m_LocalPosition: {x: 0.08444251, y: -0.22883151, z: 3.0972788}
  m_LocalScale: {x: 9.002959, y: 9.002951, z: 9.002955}
  m_Children: []
  m_Father: {fileID: 4075182404590345371}
  m_RootOrder: 20
  m_LocalEulerAnglesHint: {x: 0, y: 0, z: 0}
--- !u!1 &8907668283416896227
GameObject:
  m_ObjectHideFlags: 0
  m_CorrespondingSourceObject: {fileID: 0}
  m_PrefabInstance: {fileID: 0}
  m_PrefabAsset: {fileID: 0}
  serializedVersion: 6
  m_Component:
  - component: {fileID: 8904881342710350727}
  m_Layer: 0
  m_Name: Bip001 R Weapon
  m_TagString: Untagged
  m_Icon: {fileID: 0}
  m_NavMeshLayer: 0
  m_StaticEditorFlags: 0
  m_IsActive: 1
--- !u!4 &8904881342710350727
Transform:
  m_ObjectHideFlags: 0
  m_CorrespondingSourceObject: {fileID: 0}
  m_PrefabInstance: {fileID: 0}
  m_PrefabAsset: {fileID: 0}
  m_GameObject: {fileID: 8907668283416896227}
  m_LocalRotation: {x: -0.035242204, y: 0.8116437, z: -0.0024149423, w: -0.58308375}
  m_LocalPosition: {x: 0.80203795, y: 0.19138543, z: 2.037989}
  m_LocalScale: {x: 9.002995, y: 9.002994, z: 9.002981}
  m_Children: []
  m_Father: {fileID: 4075182404590345371}
  m_RootOrder: 34
  m_LocalEulerAnglesHint: {x: -77.91801, y: -90.253006, z: -66.135}
--- !u!1 &8907711862711672365
GameObject:
  m_ObjectHideFlags: 0
  m_CorrespondingSourceObject: {fileID: 0}
  m_PrefabInstance: {fileID: 0}
  m_PrefabAsset: {fileID: 0}
  serializedVersion: 6
  m_Component:
  - component: {fileID: 8902357118832682167}
  m_Layer: 0
  m_Name: Bip001 Head
  m_TagString: Untagged
  m_Icon: {fileID: 0}
  m_NavMeshLayer: 0
  m_StaticEditorFlags: 0
  m_IsActive: 1
--- !u!4 &8902357118832682167
Transform:
  m_ObjectHideFlags: 0
  m_CorrespondingSourceObject: {fileID: 0}
  m_PrefabInstance: {fileID: 0}
  m_PrefabAsset: {fileID: 0}
  m_GameObject: {fileID: 8907711862711672365}
  m_LocalRotation: {x: -0.5880557, y: 0.43397775, z: 0.5492958, w: -0.40512717}
  m_LocalPosition: {x: -0.022906497, y: 1.645778, z: 1.0191855}
  m_LocalScale: {x: 9.002963, y: 9.002965, z: 9.002935}
  m_Children: []
  m_Father: {fileID: 4075182404590345371}
  m_RootOrder: 16
  m_LocalEulerAnglesHint: {x: 0, y: 0, z: 0}
--- !u!1 &8907717640822338325
GameObject:
  m_ObjectHideFlags: 0
  m_CorrespondingSourceObject: {fileID: 0}
  m_PrefabInstance: {fileID: 0}
  m_PrefabAsset: {fileID: 0}
  serializedVersion: 6
  m_Component:
  - component: {fileID: 8904878332458566867}
  m_Layer: 0
  m_Name: Bip001 Neck
  m_TagString: Untagged
  m_Icon: {fileID: 0}
  m_NavMeshLayer: 0
  m_StaticEditorFlags: 0
  m_IsActive: 1
--- !u!4 &8904878332458566867
Transform:
  m_ObjectHideFlags: 0
  m_CorrespondingSourceObject: {fileID: 0}
  m_PrefabInstance: {fileID: 0}
  m_PrefabAsset: {fileID: 0}
  m_GameObject: {fileID: 8907717640822338325}
  m_LocalRotation: {x: -0.5343027, y: 0.29169402, z: 0.64755166, w: -0.45837983}
  m_LocalPosition: {x: -0.02716979, y: 1.207988, z: 0.8138817}
  m_LocalScale: {x: 9.002955, y: 9.00296, z: 9.00293}
  m_Children: []
  m_Father: {fileID: 4075182404590345371}
  m_RootOrder: 15
  m_LocalEulerAnglesHint: {x: 0, y: 0, z: 0}
--- !u!1 &8907760303894863585
GameObject:
  m_ObjectHideFlags: 0
  m_CorrespondingSourceObject: {fileID: 0}
  m_PrefabInstance: {fileID: 0}
  m_PrefabAsset: {fileID: 0}
  serializedVersion: 6
  m_Component:
  - component: {fileID: 8902391340989741617}
  m_Layer: 0
  m_Name: Bip001 L Calf
  m_TagString: Untagged
  m_Icon: {fileID: 0}
  m_NavMeshLayer: 0
  m_StaticEditorFlags: 0
  m_IsActive: 1
--- !u!4 &8902391340989741617
Transform:
  m_ObjectHideFlags: 0
  m_CorrespondingSourceObject: {fileID: 0}
  m_PrefabInstance: {fileID: 0}
  m_PrefabAsset: {fileID: 0}
  m_GameObject: {fileID: 8907760303894863585}
  m_LocalRotation: {x: -0.5850895, y: -0.35917422, z: -0.58886343, w: -0.42650223}
  m_LocalPosition: {x: -0.78312236, y: -3.0052724, z: 0.73550045}
  m_LocalScale: {x: 9.002931, y: 9.0029335, z: 9.002924}
  m_Children: []
  m_Father: {fileID: 4075182404590345371}
  m_RootOrder: 6
  m_LocalEulerAnglesHint: {x: 0, y: 0, z: 0}
--- !u!1 &8907792939941348425
GameObject:
  m_ObjectHideFlags: 0
  m_CorrespondingSourceObject: {fileID: 0}
  m_PrefabInstance: {fileID: 0}
  m_PrefabAsset: {fileID: 0}
  serializedVersion: 6
  m_Component:
  - component: {fileID: 8905152176816942367}
  m_Layer: 0
  m_Name: Bip001 L Finger01
  m_TagString: Untagged
  m_Icon: {fileID: 0}
  m_NavMeshLayer: 0
  m_StaticEditorFlags: 0
  m_IsActive: 1
--- !u!4 &8905152176816942367
Transform:
  m_ObjectHideFlags: 0
  m_CorrespondingSourceObject: {fileID: 0}
  m_PrefabInstance: {fileID: 0}
  m_PrefabAsset: {fileID: 0}
  m_GameObject: {fileID: 8907792939941348425}
  m_LocalRotation: {x: 0.04716139, y: -0.3475885, z: 0.6778712, w: -0.6461026}
  m_LocalPosition: {x: 0.3190044, y: -0.14620994, z: 3.6141183}
  m_LocalScale: {x: 9.002968, y: 9.002966, z: 9.002974}
  m_Children: []
  m_Father: {fileID: 4075182404590345371}
  m_RootOrder: 22
  m_LocalEulerAnglesHint: {x: 0, y: 0, z: 0}
--- !u!1 &8907852550221328833
GameObject:
  m_ObjectHideFlags: 0
  m_CorrespondingSourceObject: {fileID: 0}
  m_PrefabInstance: {fileID: 0}
  m_PrefabAsset: {fileID: 0}
  serializedVersion: 6
  m_Component:
  - component: {fileID: 8901965958829399153}
  m_Layer: 0
  m_Name: Bip001 Pelvis
  m_TagString: Untagged
  m_Icon: {fileID: 0}
  m_NavMeshLayer: 0
  m_StaticEditorFlags: 0
  m_IsActive: 1
--- !u!4 &8901965958829399153
Transform:
  m_ObjectHideFlags: 0
  m_CorrespondingSourceObject: {fileID: 0}
  m_PrefabInstance: {fileID: 0}
  m_PrefabAsset: {fileID: 0}
  m_GameObject: {fileID: 8907852550221328833}
  m_LocalRotation: {x: -0.459041, y: 0.48624146, z: 0.5150133, w: -0.53629464}
  m_LocalPosition: {x: 0, y: -1.65696, z: 0}
  m_LocalScale: {x: 9.002921, y: 9.002926, z: 9.002915}
  m_Children: []
  m_Father: {fileID: 4075182404590345371}
  m_RootOrder: 3
  m_LocalEulerAnglesHint: {x: 0, y: 0, z: 0}
--- !u!1 &8907868800279192531
GameObject:
  m_ObjectHideFlags: 0
  m_CorrespondingSourceObject: {fileID: 0}
  m_PrefabInstance: {fileID: 0}
  m_PrefabAsset: {fileID: 0}
  serializedVersion: 6
  m_Component:
  - component: {fileID: 8904873294816225853}
  m_Layer: 0
  m_Name: Bip001 R Clavicle
  m_TagString: Untagged
  m_Icon: {fileID: 0}
  m_NavMeshLayer: 0
  m_StaticEditorFlags: 0
  m_IsActive: 1
--- !u!4 &8904873294816225853
Transform:
  m_ObjectHideFlags: 0
  m_CorrespondingSourceObject: {fileID: 0}
  m_PrefabInstance: {fileID: 0}
  m_PrefabAsset: {fileID: 0}
  m_GameObject: {fileID: 8907868800279192531}
  m_LocalRotation: {x: 0.04939071, y: 0.84231657, z: -0.5360691, w: 0.026332775}
  m_LocalPosition: {x: 0.1894341, y: 1.2331145, z: 0.75579864}
  m_LocalScale: {x: 9.002948, y: 9.002963, z: 9.002965}
  m_Children: []
  m_Father: {fileID: 4075182404590345371}
  m_RootOrder: 26
  m_LocalEulerAnglesHint: {x: 0, y: 0, z: 0}
--- !u!1 &8907903201303333223
GameObject:
  m_ObjectHideFlags: 0
  m_CorrespondingSourceObject: {fileID: 0}
  m_PrefabInstance: {fileID: 0}
  m_PrefabAsset: {fileID: 0}
  serializedVersion: 6
  m_Component:
  - component: {fileID: 8902325670010177851}
  m_Layer: 0
  m_Name: Bip001 R Finger0
  m_TagString: Untagged
  m_Icon: {fileID: 0}
  m_NavMeshLayer: 0
  m_StaticEditorFlags: 0
  m_IsActive: 1
--- !u!4 &8902325670010177851
Transform:
  m_ObjectHideFlags: 0
  m_CorrespondingSourceObject: {fileID: 0}
  m_PrefabInstance: {fileID: 0}
  m_PrefabAsset: {fileID: 0}
  m_GameObject: {fileID: 8907903201303333223}
  m_LocalRotation: {x: 0.89436406, y: 0.12026889, z: -0.10697846, w: -0.4173774}
  m_LocalPosition: {x: 0.83527374, y: 0.022566281, z: 2.1638312}
  m_LocalScale: {x: 9.002991, y: 9.002998, z: 9.002988}
  m_Children: []
  m_Father: {fileID: 4075182404590345371}
  m_RootOrder: 30
  m_LocalEulerAnglesHint: {x: 0, y: 0, z: 0}
--- !u!1 &8907914464473491773
GameObject:
  m_ObjectHideFlags: 0
  m_CorrespondingSourceObject: {fileID: 0}
  m_PrefabInstance: {fileID: 0}
  m_PrefabAsset: {fileID: 0}
  serializedVersion: 6
  m_Component:
  - component: {fileID: 8902064081952155027}
  m_Layer: 0
  m_Name: Bip001 R UpperArm
  m_TagString: Untagged
  m_Icon: {fileID: 0}
  m_NavMeshLayer: 0
  m_StaticEditorFlags: 0
  m_IsActive: 1
--- !u!4 &8902064081952155027
Transform:
  m_ObjectHideFlags: 0
  m_CorrespondingSourceObject: {fileID: 0}
  m_PrefabInstance: {fileID: 0}
  m_PrefabAsset: {fileID: 0}
  m_GameObject: {fileID: 8907914464473491773}
  m_LocalRotation: {x: 0.43409988, y: 0.5491759, z: -0.45619905, w: -0.54940486}
  m_LocalPosition: {x: 1.0223461, y: 1.1870385, z: 0.83737135}
  m_LocalScale: {x: 9.002974, y: 9.002974, z: 9.002956}
  m_Children: []
  m_Father: {fileID: 4075182404590345371}
  m_RootOrder: 27
  m_LocalEulerAnglesHint: {x: 0, y: 0, z: 0}
--- !u!1 &8907954409965038049
GameObject:
  m_ObjectHideFlags: 0
  m_CorrespondingSourceObject: {fileID: 0}
  m_PrefabInstance: {fileID: 0}
  m_PrefabAsset: {fileID: 0}
  serializedVersion: 6
  m_Component:
  - component: {fileID: 8902456409550162049}
  m_Layer: 0
  m_Name: Bip001 R Finger11
  m_TagString: Untagged
  m_Icon: {fileID: 0}
  m_NavMeshLayer: 0
  m_StaticEditorFlags: 0
  m_IsActive: 1
--- !u!4 &8902456409550162049
Transform:
  m_ObjectHideFlags: 0
  m_CorrespondingSourceObject: {fileID: 0}
  m_PrefabInstance: {fileID: 0}
  m_PrefabAsset: {fileID: 0}
  m_GameObject: {fileID: 8907954409965038049}
  m_LocalRotation: {x: 0.50175476, y: 0.20305055, z: 0.15446475, w: -0.82653093}
  m_LocalPosition: {x: 0.70272297, y: -0.43781954, z: 2.3504303}
  m_LocalScale: {x: 9.002993, y: 9.003006, z: 9.003003}
  m_Children: []
  m_Father: {fileID: 4075182404590345371}
  m_RootOrder: 33
  m_LocalEulerAnglesHint: {x: 0, y: 0, z: 0}
--- !u!1 &8908000988543229957
GameObject:
  m_ObjectHideFlags: 0
  m_CorrespondingSourceObject: {fileID: 0}
  m_PrefabInstance: {fileID: 0}
  m_PrefabAsset: {fileID: 0}
  serializedVersion: 6
  m_Component:
  - component: {fileID: 8905169360136905169}
  m_Layer: 0
  m_Name: Bip001 L Foot
  m_TagString: Untagged
  m_Icon: {fileID: 0}
  m_NavMeshLayer: 0
  m_StaticEditorFlags: 0
  m_IsActive: 1
--- !u!4 &8905169360136905169
Transform:
  m_ObjectHideFlags: 0
  m_CorrespondingSourceObject: {fileID: 0}
  m_PrefabInstance: {fileID: 0}
  m_PrefabAsset: {fileID: 0}
  m_GameObject: {fileID: 8908000988543229957}
  m_LocalRotation: {x: -0.48322865, y: -0.48194823, z: -0.51759684, w: -0.5160519}
  m_LocalPosition: {x: -0.8505424, y: -4.28865, z: 0.20314421}
  m_LocalScale: {x: 9.002937, y: 9.002942, z: 9.002936}
  m_Children: []
  m_Father: {fileID: 4075182404590345371}
  m_RootOrder: 7
  m_LocalEulerAnglesHint: {x: 0, y: 0, z: 0}
--- !u!1 &8908077917126389289
GameObject:
  m_ObjectHideFlags: 0
  m_CorrespondingSourceObject: {fileID: 0}
  m_PrefabInstance: {fileID: 0}
  m_PrefabAsset: {fileID: 0}
  serializedVersion: 6
  m_Component:
  - component: {fileID: 8905158581142544971}
  m_Layer: 0
  m_Name: Bip001 L Finger1
  m_TagString: Untagged
  m_Icon: {fileID: 0}
  m_NavMeshLayer: 0
  m_StaticEditorFlags: 0
  m_IsActive: 1
--- !u!4 &8905158581142544971
Transform:
  m_ObjectHideFlags: 0
  m_CorrespondingSourceObject: {fileID: 0}
  m_PrefabInstance: {fileID: 0}
  m_PrefabAsset: {fileID: 0}
  m_GameObject: {fileID: 8908077917126389289}
  m_LocalRotation: {x: -0.3683478, y: 0.91400474, z: -0.11756962, w: 0.12285203}
  m_LocalPosition: {x: 0.5913378, y: -0.37182873, z: 3.2835853}
  m_LocalScale: {x: 9.0029545, y: 9.002958, z: 9.002956}
  m_Children: []
  m_Father: {fileID: 4075182404590345371}
  m_RootOrder: 23
  m_LocalEulerAnglesHint: {x: 0, y: 0, z: 0}
--- !u!1 &8908078849455843773
GameObject:
  m_ObjectHideFlags: 0
  m_CorrespondingSourceObject: {fileID: 0}
  m_PrefabInstance: {fileID: 0}
  m_PrefabAsset: {fileID: 0}
  serializedVersion: 6
  m_Component:
  - component: {fileID: 8902467735683212033}
  m_Layer: 0
  m_Name: Bip001 Spine2
  m_TagString: Untagged
  m_Icon: {fileID: 0}
  m_NavMeshLayer: 0
  m_StaticEditorFlags: 0
  m_IsActive: 1
--- !u!4 &8902467735683212033
Transform:
  m_ObjectHideFlags: 0
  m_CorrespondingSourceObject: {fileID: 0}
  m_PrefabInstance: {fileID: 0}
  m_PrefabAsset: {fileID: 0}
  m_GameObject: {fileID: 8908078849455843773}
  m_LocalRotation: {x: -0.5343027, y: 0.291694, z: 0.64755166, w: -0.45837986}
  m_LocalPosition: {x: -0.03379339, y: 0.5165378, z: 0.49003226}
  m_LocalScale: {x: 9.002948, y: 9.002953, z: 9.002929}
  m_Children: []
  m_Father: {fileID: 4075182404590345371}
  m_RootOrder: 14
  m_LocalEulerAnglesHint: {x: 0, y: 0, z: 0}
